:20:STATEMENT1
:25:DE99CITI100100
:60F:C260521EUR1000,50
:61:2605210521C500,25NTRFREF12345//BANKREF99
:86:WIRE TRANSFER FROM CLIENT ABC
PART 2 OF DESCRIPTION
:61:260522D300,00NCHG/NONREF//BANKREF100
:86:BANK TRANSACTION FEES
:62F:C260522EUR1200,75
:20:STATEMENT2
:25:DE99CITI100200
:60F:C260521USD5000,00
:61:260521C1500,00NMSC99999//BANKREF200
:86:MISC DEPOSIT
:61:260521D250,50FEXD/NONREF
:62F:C260521USD6249,50
