:20:SYNTHETIC940
:25:US89370400440532013000
:28C:00001
:60F:C260501USD100000,00
:61:260511260511C29848,73NTRFREF-100057
:86:CLEARING TRANSFER TO DUNDER MIFFLIN
:61:260513260513C47139,95NTRFREF-100076
:86:OPERATIONAL WIRE TO DUNDER MIFFLIN
:61:260512260512C9603,98NTRFREF-FX-100137
:86:INCOMING SEPA FX FROM DUNDER MIFFLIN
:61:260511260511C1200,50NTRFREF-DUP-100157
:86:BATCH PAYROLL SETTLEMENT - OSCORP TECH
:61:260509260509C31989,37NTRFREF-100001
:86:OPERATIONAL WIRE TO STARK INDUSTRIES
:61:260521260521C6834,47NTRFREF-FX-100150
:86:INCOMING SEPA FX FROM UMBRELLA CORP
:61:260513260513C24916,12NTRFREF-100092
:86:WIRE PYMT TO OSCORP TECH LLC
:61:260517260517C2554,61NTRFREF-100036
:86:INVOICE PAYMENT TO HOOLI TECH
:61:260508260508C13537,90NTRFREF-FX-100123
:86:INCOMING SEPA FX FROM INITECH CONSULTING
:61:260510260510C2338,93NTRFREF-100008
:86:OPERATIONAL WIRE TO INITECH CONSULTING
:61:260503260503C17486,43NTRFREF-100109
:86:WIRE PYMT TO STARK INDUSTRIES LLC
:61:260519260519C2139,47NTRFREF-100081
:86:WIRE PYMT TO GLOBEX FINANCIAL LLC
:61:260514260514C1200,50NTRFREF-DUP-100160
:86:BATCH PAYROLL SETTLEMENT - UMBRELLA CORP
:61:260514260514C13289,58NTRFREF-100023
:86:OPERATIONAL WIRE TO VEHEMENT MEDIA
:61:260504260504C319,85NTRFREF-FX-100127
:86:INCOMING SEPA FX FROM BLUTH COMPANY
:61:260509260509C18979,71NTRFREF-100034
:86:PAYROLL CREDIT TO VANDELAY INDUSTRIES
:61:260509260509C37601,25NTRFREF-100071
:86:OPERATIONAL WIRE TO BLUTH COMPANY
:61:260509260509C11061,01NTRFREF-100004
:86:VENDOR SETTLEMENT TO ACME CORPORATION
:61:260513260513C1200,50NTRFREF-DUP-100154
:86:BATCH PAYROLL SETTLEMENT - TYRELL BIOSYSTEMS
:61:260512260512C8664,46NTRFREF-FX-100126
:86:INCOMING SEPA FX FROM ACME CORPORATION
:61:260503260503C6666,21NTRFREF-100042
:86:CLEARING ADJUSTMENT TO STARK INDUSTRIES
:61:260523260523C9184,56NTRFREF-FX-100128
:86:INCOMING SEPA FX FROM VEHEMENT MEDIA
:61:260503260503C33851,14NTRFREF-100002
:86:INVOICE PAYMENT TO DUNDER MIFFLIN
:61:260512260512C13934,78NTRFREF-100009
:86:CLEARING ADJUSTMENT TO HOOLI TECH
:61:260517260517C12560,26NTRFREF-100103
:86:WIRE PYMT TO INITECH CONSULTING LLC
:61:260514260514C14097,99NTRFREF-FX-100141
:86:INCOMING SEPA FX FROM VEHEMENT MEDIA
:61:260508260508C35406,66NTRFREF-100026
:86:INVOICE PAYMENT TO INITECH CONSULTING
:61:260503260503C6285,07NTRFREF-100007
:86:CLEARING ADJUSTMENT TO TYRELL BIOSYSTEMS
:61:260504260504C40410,71NTRFREF-100032
:86:INVOICE PAYMENT TO GLOBEX FINANCIAL
:61:260520260520C17981,02NTRFREF-100006
:86:INVOICE PAYMENT TO WAYNE ENTERPRISES
:61:260506260506C21051,29NTRFREF-100061
:86:SERVICE FEE CHARGE TO TYRELL BIOSYSTEMS
:61:260508260508C43614,73NTRFREF-100053
:86:MERCHANT PAYOUT TO VEHEMENT MEDIA
:61:260516260516C3572,75NTRFREF-MIS-100170
:86:UNRESOLVED SUSPENSE DEPOSIT - VANDELAY INDUSTRIES
:61:260509260509C4660,31NTRFREF-100046
:86:INVOICE PAYMENT TO GLOBEX FINANCIAL
:61:260508260508C40039,60NTRFREF-100030
:86:OPERATIONAL WIRE TO VEHEMENT MEDIA
:61:260514260514C15228,55NTRFREF-100062
:86:MERCHANT PAYOUT TO CYBERDYNE SYSTEMS
:61:260520260520C42574,56NTRFREF-100037
:86:OPERATIONAL WIRE TO INITECH CONSULTING
:61:260511260511C3545,19NTRFREF-100059
:86:CLEARING TRANSFER TO CYBERDYNE SYSTEMS
:61:260511260511C2222,50NTRFREF-MIS-100164
:86:UNRESOLVED SUSPENSE DEPOSIT - OSCORP TECH
:61:260509260509C7052,11NTRFREF-100031
:86:OPERATIONAL WIRE TO VANDELAY INDUSTRIES
:61:260518260518C21288,73NTRFREF-100089
:86:WIRE PYMT TO VEHEMENT MEDIA LLC
:61:260501260501C12237,02NTRFREF-100067
:86:SERVICE FEE CHARGE TO UMBRELLA CORP
:61:260507260507C7782,10NTRFREF-100035
:86:INVOICE PAYMENT TO GLOBEX FINANCIAL
:61:260501260501C1177,90NTRFREF-MIS-100166
:86:UNRESOLVED SUSPENSE DEPOSIT - INITECH CONSULTING
:61:260505260505C3808,43NTRFREF-100048
:86:CLEARING ADJUSTMENT TO GLOBEX FINANCIAL
:61:260506260506C16625,85NTRFREF-100115
:86:WIRE PYMT TO BLUTH COMPANY LLC
:61:260511260511C15498,77NTRFREF-100060
:86:PAYROLL CREDIT TO PRESTIGE WORLDWIDE
:61:260506260506C20295,94NTRFREF-100097
:86:WIRE PYMT TO STARK INDUSTRIES LLC
:61:260518260518C150,00NTRFREF-DUP-100152
:86:BATCH PAYROLL SETTLEMENT - PRESTIGE WORLDWIDE
:61:260509260509C46964,90NTRFREF-100056
:86:PAYROLL CREDIT TO HOOLI TECH
:61:260517260517C22850,27NTRFREF-100069
:86:MERCHANT PAYOUT TO CYBERDYNE SYSTEMS
:61:260507260507C12233,18NTRFREF-FX-100146
:86:INCOMING SEPA FX FROM ACME CORPORATION
:61:260501260501C2351,10NTRFREF-MIS-100175
:86:UNRESOLVED SUSPENSE DEPOSIT - BLUTH COMPANY
:61:260506260506C1096,14NTRFREF-FX-100143
:86:INCOMING SEPA FX FROM VANDELAY INDUSTRIES
:61:260515260515C32155,34NTRFREF-100079
:86:INVOICE PAYMENT TO HOOLI TECH
:61:260513260513C2704,54NTRFREF-100106
:86:WIRE PYMT TO DUNDER MIFFLIN LLC
:61:260503260503C1803,52NTRFREF-FX-100136
:86:INCOMING SEPA FX FROM CYBERDYNE SYSTEMS
:61:260514260514C12773,39NTRFREF-100058
:86:OPERATIONAL WIRE TO ACME CORPORATION
:61:260508260508C40121,65NTRFREF-100052
:86:VENDOR SETTLEMENT TO WAYNE ENTERPRISES
:61:260518260518C3148,41NTRFREF-FX-100125
:86:INCOMING SEPA FX FROM UMBRELLA CORP
:61:260518260518C33363,32NTRFREF-100050
:86:VENDOR SETTLEMENT TO DUNDER MIFFLIN
:61:260510260510C23328,02NTRFREF-100114
:86:WIRE PYMT TO PRESTIGE WORLDWIDE LLC
:61:260508260508C41035,79NTRFREF-100054
:86:OPERATIONAL WIRE TO ACME CORPORATION
:61:260515260515C2791,03NTRFREF-FX-100121
:86:INCOMING SEPA FX FROM STARK INDUSTRIES
:61:260510260510C5637,79NTRFREF-100021
:86:INVOICE PAYMENT TO STARK INDUSTRIES
:61:260507260507C7929,98NTRFREF-100107
:86:WIRE PYMT TO PRESTIGE WORLDWIDE LLC
:61:260511260511C1878,10NTRFREF-100102
:86:WIRE PYMT TO TYRELL BIOSYSTEMS LLC
:61:260505260505C150,00NTRFREF-DUP-100153
:86:BATCH PAYROLL SETTLEMENT - CYBERDYNE SYSTEMS
:61:260521260521C5064,08NTRFREF-100082
:86:WIRE PYMT TO SOYLENT GREEN CO LLC
:61:260511260511C13929,67NTRFREF-100005
:86:CLEARING TRANSFER TO UMBRELLA CORP
:61:260516260516C8892,64NTRFREF-FX-100140
:86:INCOMING SEPA FX FROM UMBRELLA CORP
:61:260515260515C41536,93NTRFREF-100070
:86:MERCHANT PAYOUT TO HOOLI TECH
:61:260501260501C40337,82NTRFREF-100065
:86:OPERATIONAL WIRE TO GLOBEX FINANCIAL
:61:260513260513C10670,70NTRFREF-100013
:86:VENDOR SETTLEMENT TO VANDELAY INDUSTRIES
:61:260508260508C47082,73NTRFREF-100038
:86:CLEARING TRANSFER TO GLOBEX FINANCIAL
:61:260515260515C1760,31NTRFREF-MIS-100167
:86:UNRESOLVED SUSPENSE DEPOSIT - CYBERDYNE SYSTEMS
:61:260513260513C1497,37NTRFREF-100120
:86:WIRE PYMT TO DUNDER MIFFLIN LLC
:61:260515260515C14710,33NTRFREF-100018
:86:PAYROLL CREDIT TO ACME CORPORATION
:61:260502260502C21207,75NTRFREF-100029
:86:INVOICE PAYMENT TO UMBRELLA CORP
:61:260503260503C150,00NTRFREF-DUP-100158
:86:BATCH PAYROLL SETTLEMENT - DUNDER MIFFLIN
:61:260516260516C33797,58NTRFREF-100063
:86:CLEARING TRANSFER TO HOOLI TECH
:61:260518260518C13260,07NTRFREF-100044
:86:PAYROLL CREDIT TO SOYLENT GREEN CO
:61:260507260507C39241,74NTRFREF-100028
:86:CLEARING TRANSFER TO UMBRELLA CORP
:61:260512260512C1832,75NTRFREF-MIS-100161
:86:UNRESOLVED SUSPENSE DEPOSIT - OSCORP TECH
:61:260522260522C24051,59NTRFREF-100104
:86:WIRE PYMT TO ACME CORPORATION LLC
:61:260517260517C13331,44NTRFREF-FX-100139
:86:INCOMING SEPA FX FROM OSCORP TECH
:61:260520260520C10970,97NTRFREF-100003
:86:OPERATIONAL WIRE TO ACME CORPORATION
:61:260506260506C31873,81NTRFREF-100047
:86:SERVICE FEE CHARGE TO VANDELAY INDUSTRIES
:61:260519260519C22798,04NTRFREF-100066
:86:SERVICE FEE CHARGE TO VEHEMENT MEDIA
:61:260509260509C13966,22NTRFREF-100055
:86:SERVICE FEE CHARGE TO OSCORP TECH
:61:260522260522C22721,76NTRFREF-100098
:86:WIRE PYMT TO DUNDER MIFFLIN LLC
:61:260520260520C23105,39NTRFREF-100101
:86:WIRE PYMT TO VEHEMENT MEDIA LLC
:61:260513260513C41099,04NTRFREF-100012
:86:CLEARING TRANSFER TO WAYNE ENTERPRISES
:61:260517260517C40215,29NTRFREF-100068
:86:INVOICE PAYMENT TO VANDELAY INDUSTRIES
:61:260520260520C500,00NTRFREF-DUP-100151
:86:BATCH PAYROLL SETTLEMENT - GLOBEX FINANCIAL
:61:260519260519C1492,17NTRFREF-MIS-100165
:86:UNRESOLVED SUSPENSE DEPOSIT - PRESTIGE WORLDWIDE
:61:260519260519C10445,71NTRFREF-100111
:86:WIRE PYMT TO STARK INDUSTRIES LLC
:61:260505260505C12102,64NTRFREF-FX-100133
:86:INCOMING SEPA FX FROM SOYLENT GREEN CO
:61:260517260517C13009,14NTRFREF-100108
:86:WIRE PYMT TO VANDELAY INDUSTRIES LLC
:61:260508260508C6112,71NTRFREF-MIS-100162
:86:UNRESOLVED SUSPENSE DEPOSIT - DUNDER MIFFLIN
:61:260521260521C150,00NTRFREF-DUP-100155
:86:BATCH PAYROLL SETTLEMENT - VEHEMENT MEDIA
:61:260523260523C150,00NTRFREF-DUP-100155
:86:BATCH PAYROLL SETTLEMENT - VEHEMENT MEDIA
:61:260508260508C3920,29NTRFREF-100072
:86:CLEARING ADJUSTMENT TO WAYNE ENTERPRISES
:61:260503260503C9697,23NTRFREF-FX-100144
:86:INCOMING SEPA FX FROM GLOBEX FINANCIAL
:61:260519260519C15707,30NTRFREF-100118
:86:WIRE PYMT TO GLOBEX FINANCIAL LLC
:61:260508260508C5353,70NTRFREF-MIS-100173
:86:UNRESOLVED SUSPENSE DEPOSIT - PRESTIGE WORLDWIDE
:61:260501260501C13683,12NTRFREF-100077
:86:CLEARING ADJUSTMENT TO PRESTIGE WORLDWIDE
:61:260511260511C13719,61NTRFREF-FX-100132
:86:INCOMING SEPA FX FROM BLUTH COMPANY
:61:260514260514C48811,49NTRFREF-100051
:86:VENDOR SETTLEMENT TO ACME CORPORATION
:61:260512260512C1200,50NTRFREF-DUP-100160
:86:BATCH PAYROLL SETTLEMENT - UMBRELLA CORP
:61:260517260517C4857,30NTRFREF-100090
:86:WIRE PYMT TO BLUTH COMPANY LLC
:61:260516260516C22709,85NTRFREF-100084
:86:WIRE PYMT TO VEHEMENT MEDIA LLC
:61:260510260510C6587,37NTRFREF-100040
:86:CLEARING ADJUSTMENT TO VANDELAY INDUSTRIES
:61:260510260510C419,93NTRFREF-FX-100148
:86:INCOMING SEPA FX FROM CYBERDYNE SYSTEMS
:61:260504260504C2221,68NTRFREF-MIS-100171
:86:UNRESOLVED SUSPENSE DEPOSIT - OSCORP TECH
:61:260516260516C14817,25NTRFREF-FX-100124
:86:INCOMING SEPA FX FROM WAYNE ENTERPRISES
:61:260519260519C41652,91NTRFREF-100075
:86:SERVICE FEE CHARGE TO ACME CORPORATION
:61:260515260515C1200,50NTRFREF-DUP-100156
:86:BATCH PAYROLL SETTLEMENT - PRESTIGE WORLDWIDE
:61:260510260510C21937,32NTRFREF-100043
:86:PAYROLL CREDIT TO ACME CORPORATION
:61:260509260509C4891,51NTRFREF-MIS-100163
:86:UNRESOLVED SUSPENSE DEPOSIT - ACME CORPORATION
:61:260512260512C3499,06NTRFREF-100112
:86:WIRE PYMT TO DUNDER MIFFLIN LLC
:61:260520260520C42033,26NTRFREF-100078
:86:SERVICE FEE CHARGE TO ACME CORPORATION
:61:260522260522C24231,67NTRFREF-100117
:86:WIRE PYMT TO PRESTIGE WORLDWIDE LLC
:61:260507260507C11262,72NTRFREF-FX-100131
:86:INCOMING SEPA FX FROM OSCORP TECH
:61:260517260517C21049,50NTRFREF-100110
:86:WIRE PYMT TO UMBRELLA CORP LLC
:61:260519260519C7955,64NTRFREF-100093
:86:WIRE PYMT TO HOOLI TECH LLC
:61:260516260516C8357,24NTRFREF-100033
:86:SERVICE FEE CHARGE TO VEHEMENT MEDIA
:61:260518260518C871,13NTRFREF-FX-100138
:86:INCOMING SEPA FX FROM UMBRELLA CORP
:61:260504260504C1200,50NTRFREF-DUP-100159
:86:BATCH PAYROLL SETTLEMENT - DUNDER MIFFLIN
:61:260501260501C11273,63NTRFREF-100025
:86:OPERATIONAL WIRE TO STARK INDUSTRIES
:61:260522260522C7609,41NTRFREF-100085
:86:WIRE PYMT TO UMBRELLA CORP LLC
:61:260501260501C26479,26NTRFREF-100017
:86:PAYROLL CREDIT TO UMBRELLA CORP
:61:260518260518C8596,66NTRFREF-100086
:86:WIRE PYMT TO UMBRELLA CORP LLC
:61:260518260518C12369,04NTRFREF-100014
:86:SERVICE FEE CHARGE TO WAYNE ENTERPRISES
:61:260511260511C18370,00NTRFREF-100087
:86:WIRE PYMT TO BLUTH COMPANY LLC
:61:260507260507C11111,51NTRFREF-100105
:86:WIRE PYMT TO DUNDER MIFFLIN LLC
:61:260505260505C14885,90NTRFREF-100100
:86:WIRE PYMT TO STARK INDUSTRIES LLC
:61:260508260508C4074,85NTRFREF-100073
:86:VENDOR SETTLEMENT TO PRESTIGE WORLDWIDE
:61:260510260510C8583,58NTRFREF-100096
:86:WIRE PYMT TO BLUTH COMPANY LLC
:61:260511260511C24514,71NTRFREF-100094
:86:WIRE PYMT TO STARK INDUSTRIES LLC
:61:260504260504C22941,36NTRFREF-100041
:86:OPERATIONAL WIRE TO INITECH CONSULTING
:61:260514260514C14515,59NTRFREF-FX-100134
:86:INCOMING SEPA FX FROM INITECH CONSULTING
:61:260514260514C4113,99NTRFREF-FX-100135
:86:INCOMING SEPA FX FROM WAYNE ENTERPRISES
:61:260509260509C14834,55NTRFREF-FX-100145
:86:INCOMING SEPA FX FROM INITECH CONSULTING
:61:260519260519C20953,15NTRFREF-100113
:86:WIRE PYMT TO SOYLENT GREEN CO LLC
:61:260511260511C33209,50NTRFREF-100064
:86:OPERATIONAL WIRE TO INITECH CONSULTING
:61:260509260509C1200,50NTRFREF-DUP-100157
:86:BATCH PAYROLL SETTLEMENT - OSCORP TECH
:61:260521260521C35894,73NTRFREF-100045
:86:MERCHANT PAYOUT TO WAYNE ENTERPRISES
:61:260506260506C1200,50NTRFREF-DUP-100159
:86:BATCH PAYROLL SETTLEMENT - DUNDER MIFFLIN
:61:260503260503C4328,39NTRFREF-100022
:86:VENDOR SETTLEMENT TO SOYLENT GREEN CO
:61:260511260511C20785,20NTRFREF-100088
:86:WIRE PYMT TO VANDELAY INDUSTRIES LLC
:61:260516260516C25732,10NTRFREF-100027
:86:VENDOR SETTLEMENT TO VEHEMENT MEDIA
:61:260517260517C1200,50NTRFREF-DUP-100156
:86:BATCH PAYROLL SETTLEMENT - PRESTIGE WORLDWIDE
:61:260514260514C7684,42NTRFREF-100016
:86:SERVICE FEE CHARGE TO INITECH CONSULTING
:61:260507260507C15852,67NTRFREF-100039
:86:OPERATIONAL WIRE TO CYBERDYNE SYSTEMS
:61:260523260523C9498,07NTRFREF-FX-100129
:86:INCOMING SEPA FX FROM GLOBEX FINANCIAL
:61:260517260517C3636,39NTRFREF-FX-100122
:86:INCOMING SEPA FX FROM WAYNE ENTERPRISES
:61:260503260503C150,00NTRFREF-DUP-100153
:86:BATCH PAYROLL SETTLEMENT - CYBERDYNE SYSTEMS
:61:260508260508C6480,47NTRFREF-100083
:86:WIRE PYMT TO UMBRELLA CORP LLC
:61:260512260512C6415,90NTRFREF-100049
:86:CLEARING ADJUSTMENT TO GLOBEX FINANCIAL
:61:260508260508C14815,40NTRFREF-FX-100147
:86:INCOMING SEPA FX FROM UMBRELLA CORP
:61:260511260511C2991,92NTRFREF-MIS-100168
:86:UNRESOLVED SUSPENSE DEPOSIT - INITECH CONSULTING
:61:260509260509C8211,95NTRFREF-100011
:86:CLEARING ADJUSTMENT TO STARK INDUSTRIES
:61:260506260506C14268,22NTRFREF-FX-100142
:86:INCOMING SEPA FX FROM OSCORP TECH
:61:260516260516C4127,44NTRFREF-FX-100149
:86:INCOMING SEPA FX FROM UMBRELLA CORP
:61:260502260502C1286,86NTRFREF-MIS-100169
:86:UNRESOLVED SUSPENSE DEPOSIT - INITECH CONSULTING
:61:260509260509C6689,69NTRFREF-100099
:86:WIRE PYMT TO STARK INDUSTRIES LLC
:61:260519260519C931,57NTRFREF-MIS-100172
:86:UNRESOLVED SUSPENSE DEPOSIT - BLUTH COMPANY
:61:260516260516C150,00NTRFREF-DUP-100152
:86:BATCH PAYROLL SETTLEMENT - PRESTIGE WORLDWIDE
:61:260515260515C1200,50NTRFREF-DUP-100154
:86:BATCH PAYROLL SETTLEMENT - TYRELL BIOSYSTEMS
:61:260512260512C49757,71NTRFREF-100024
:86:MERCHANT PAYOUT TO VANDELAY INDUSTRIES
:61:260505260505C150,00NTRFREF-DUP-100158
:86:BATCH PAYROLL SETTLEMENT - DUNDER MIFFLIN
:61:260517260517C38137,41NTRFREF-100020
:86:CLEARING ADJUSTMENT TO ACME CORPORATION
:61:260518260518C20772,65NTRFREF-100074
:86:SERVICE FEE CHARGE TO VANDELAY INDUSTRIES
:61:260511260511C24358,44NTRFREF-100095
:86:WIRE PYMT TO SOYLENT GREEN CO LLC
:61:260507260507C111,11NTRFREF-MIS-100174
:86:UNRESOLVED SUSPENSE DEPOSIT - SOYLENT GREEN CO
:61:260521260521C33525,25NTRFREF-100010
:86:VENDOR SETTLEMENT TO INITECH CONSULTING
:61:260517260517C11062,12NTRFREF-100116
:86:WIRE PYMT TO ACME CORPORATION LLC
:61:260522260522C10905,89NTRFREF-100119
:86:WIRE PYMT TO UMBRELLA CORP LLC
:61:260511260511C16401,27NTRFREF-100080
:86:SERVICE FEE CHARGE TO CYBERDYNE SYSTEMS
:61:260521260521C25408,70NTRFREF-100019
:86:OPERATIONAL WIRE TO TYRELL BIOSYSTEMS
:61:260507260507C693,80NTRFREF-FX-100130
:86:INCOMING SEPA FX FROM INITECH CONSULTING
:61:260516260516C2417,03NTRFREF-100091
:86:WIRE PYMT TO STARK INDUSTRIES LLC
:61:260517260517C11005,07NTRFREF-100015
:86:CLEARING TRANSFER TO BLUTH COMPANY
:61:260522260522C500,00NTRFREF-DUP-100151
:86:BATCH PAYROLL SETTLEMENT - GLOBEX FINANCIAL
:62F:C260524USD145800,20